@inproceedings{yu2025active,
  title={Active Hyperspectral Imaging Using an Event Camera},
  author={Yu, Bohan and Liang, Jinxiu and Wang, Zhuofeng and Fan, Bin and Subpa-asa, Art and Shi, Boxin and Sato, Imari},
  booktitle={Proceedings of the Computer Vision and Pattern Recognition Conference},
  pages={929--939},
  year={2025}
}
@article{smith2021,
  author={Smith, J. and Lee, K.},
  title={A Review of Hyperspectral Imaging in Environmental Applications},
  journal={Remote Sensing Reviews},
  year={2021}
}

@article{chen2022,
  author={Chen, L. and Zhao, Y.},
  title={Neuromorphic and Event-Based Sensing: A Comprehensive Survey},
  journal={IEEE Sensors Journal},
  year={2022}
}

@article{rahman2023,
  author={Rahman, T. and Gupta, S.},
  title={Sensor Fusion Techniques for Ecological Monitoring: A Review},
  journal={Ecological Informatics},
  year={2023}
}

@article{li2024,
  author={Li, M. and Wang, P.},
  title={Recent Trends in Hyperspectral and Event-Based Imaging for Environmental Studies},
  journal={Sensors and Imaging},
  year={2024}
}

@article{fernandez2025,
  author={Fernandez, A. and Kumar, R.},
  title={A Systematic Review on Energy-Efficient Sensing Technologies for Wildlife Monitoring},
  journal={IEEE Access},
  year={2025}
}
